
@misc{web-alt,
   author = {Michael Vrána},
   title = {Knihovna algoritmů ALT-webové rozhraní},
   school = {Faculty of Information Technology, Czech Technical University in Prague},
   year = {2020},
   howpublished = {Bachelor's thesis}
}

@misc{state-maker,
   author = {Petr Svoboda},
   title = {Webový editor konečných automat},
   school = {Faculty of Information Technology, Czech Technical University in Prague},
   year = {2019},
   howpublished = {Bachelor's thesis}
}

@online{alt,
  author = {Jan Trávníček and Tomáš Pecka and Štěpán Plachý},
  title = {Algorithms Library Toolkit},
  url = {https://alt.fit.cvut.cz/},
  urldate = {2020-04-06},
}

@book{automata-and-grammars,
   author = {Eliška Šestáková},
   title = {Automata and Grammars: A Collection of Exercises and Solutions},
   year = {2020},
   publisher = {Faculty of Information Technology, Czech Technical University in Prague},
   isbn = {978-80-01-06462-7}
}

@book{introduction-automata,
    title = {Introduction to Automata Theory, Languages, and Computation},
    author = {John E. Hopcroft and Rajeev Motwani and Jeffrey D. Ullman},
    year = {2007},
    volume = {3},
    isbn = {9780321455369}
}

@online{lectures,
  author = {Jan Holub},
  title = {BIE-AAG},
  url = {https://courses.fit.cvut.cz/BIE-AAG/},
  urldate = {2020-04-09},
}

@online{vzd-lectures,
  author = {Miroslav Čepek and Daniel Vašata},
  title = {BIE-VZD},
  url = {https://courses.fit.cvut.cz/BIE-VZD/},
  urldate = {2020-04-10},
}

@book{ml-foundations,
    title = {Foundations of Machine Learning},
    author = {Mehryar Mohri and Afshin Rostamizadeh and Ameet Talwalkar},
    year = {2018},
    month = {12},
    day = {25},
    pagecount = {504},
    isbn = {9780262039406}
}

@online{pipe-and-filter,
  author = {Patrick van Bergen},
  title = {Pipe-And-Filter},
  url = {http://www.dossier-andreas.net/software_architecture/pipe_and_filter.html},
  urldate = {2020-04-10},
}

@online{turingsim,
   author = {Cristian Stanescu},
   title = {TuringSim},
   url = {https://homes.di.unimi.it/borghese/Teaching/AdvancedIntelligentSystems/ProjectDocuments/Progetto1_Stanescu.pdf},
   urldate = {2020-04-10},
   note = {App available at \url{https://apps.apple.com/us/app/turingsim/id563350412}},
}

@online{finite-automata-app,
   author = {Plinio Vilela},
   title = {Finite Automata},
   url = {https://apps.apple.com/us/app/finite-automata/id1043670880},
   urldate = {2020-04-10},
}

@online{wolfram-editor,
   author = {Jaime Rangel-Mondragon},
   title = {A Finite Automaton Editor},
   url = {http://demonstrations.wolfram.com/AFiniteAutomatonEditor/},
   urldate = {2020-04-13},
   year = {2011},
   month = {03},
   day = {07},
}

@online{automata-editor-max,
   author = {Max Shawabkeh},
   title = {Automata Editor},
   url = {http://max99x.com/school/automata-editor},
   urldate = {2020-04-13},
}

@online{gitlab,
   title = {GitLab},
   url = {https://about.gitlab.com/},
   urldate = {2020-04-13},
}

@online{alt-code,
   title = {Algorithms Library Toolkit},
   url = {https://gitlab.fit.cvut.cz/algorithms-library-toolkit},
   urldate = {2020-04-13},
}

@online{cmake,
   author = {Kitware},
   title = {CMake},
   url = {https://cmake.org/},
   urldate = {2020-04-13},
}
