@misc{web-alt,
   author = {Michael Vrána},
   title = {Knihovna algoritmů ALT-webové rozhraní},
   school = {Faculty of Information Technology, Czech Technical University in Prague},
   year = {2020},
   howpublished = {Bachelor's thesis}
}

@online{alt,
  author = {Jan Trávníček and Tomáš Pecka and Štěpán Plachý},
  title = {Algorithms Library Toolkit},
  url = {https://alt.fit.cvut.cz/},
  urldate = {2020-04-06}
}